<record><leader>01180cam a2200325 a 4500</leader><controlfield tag="001">6758323</controlfield><controlfield tag="003">OCoLC</controlfield><controlfield tag="005">20141125165211.0</controlfield><controlfield tag="008">140714s2015    mdua     b    001 0 eng d</controlfield><datafield ind1=" " ind2=" " tag="020"><subfield code="a">1442218991</subfield></datafield><datafield ind1=" " ind2=" " tag="020"><subfield code="a">9781442218994</subfield></datafield><datafield ind1=" " ind2=" " tag="035"><subfield code="a">ocn883647186</subfield></datafield><datafield ind1=" " ind2=" " tag="040"><subfield code="a">YDXCP</subfield><subfield code="b">eng</subfield><subfield code="c">YDXCP</subfield><subfield code="d">BTCTA</subfield><subfield code="d">BDX</subfield><subfield code="d">CDX</subfield><subfield code="d">AEU</subfield></datafield><datafield ind1=" " ind2=" " tag="043"><subfield code="a">e-fr---</subfield><subfield code="a">e-it---</subfield><subfield code="a">e-sp---</subfield></datafield><datafield ind1=" " ind2="4" tag="050"><subfield code="a">HX704</subfield><subfield code="b">.S65 2015</subfield></datafield><datafield ind1="0" ind2="4" tag="082"><subfield code="a">320.53/1094</subfield><subfield code="2">23</subfield></datafield><datafield ind1=" " ind2=" " tag="090"><subfield code="a">HX 704 S65 2015</subfield><subfield code="b">AEU</subfield></datafield><datafield ind1="1" ind2=" " tag="100"><subfield code="a">Smith, W. Rand,</subfield><subfield code="d">1947-</subfield></datafield><datafield ind1="1" ind2="0" tag="245"><subfield code="a">Enemy brothers :</subfield><subfield code="b">socialists and communists in France, Italy, and Spain /</subfield><subfield code="c">W. Rand Smith.</subfield></datafield><datafield ind1=" " ind2=" " tag="250"><subfield code="a">Updated edition.</subfield></datafield><datafield ind1=" " ind2=" " tag="260"><subfield code="a">Lanham :</subfield><subfield code="b">Rowman &amp; Littlefield,</subfield><subfield code="c">c2015.</subfield></datafield><datafield ind1=" " ind2=" " tag="300"><subfield code="a">xvi, 293 p. :</subfield><subfield code="b">ill. ;</subfield><subfield code="c">23 cm.</subfield></datafield><datafield ind1=" " ind2=" " tag="504"><subfield code="a">Includes bibliographical references (pages 267-285) and index.</subfield></datafield><datafield ind1=" " ind2=" " tag="596"><subfield code="a">16 43</subfield></datafield><datafield ind1=" " ind2="0" tag="650"><subfield code="a">Socialism</subfield><subfield code="z">Spain.</subfield></datafield><datafield ind1=" " ind2="0" tag="650"><subfield code="a">Socialism</subfield><subfield code="z">Italy.</subfield></datafield><datafield ind1=" " ind2="0" tag="650"><subfield code="a">Socialism</subfield><subfield code="z">France.</subfield></datafield><datafield ind1=" " ind2=" " tag="949"><subfield code="a">HX 704 S65 2015</subfield><subfield code="c">1</subfield><subfield code="h">UAAU-B</subfield><subfield code="i">0162035200292</subfield></datafield><datafield ind1=" " ind2=" " tag="926"><subfield code="a">HX 704 S65 2015</subfield><subfield code="w">LC</subfield><subfield code="c">1</subfield><subfield code="i">0162035200292</subfield><subfield code="l">ON_SHELF</subfield><subfield code="m">UAAUG</subfield><subfield code="p">$150.00</subfield><subfield code="r">Y</subfield><subfield code="s">Y</subfield><subfield code="t">BOOK</subfield><subfield code="u">12/12/2014</subfield></datafield><datafield ind1=" " ind2=" " tag="926"><subfield code="a">HX 704 S65 2015</subfield><subfield code="w">LC</subfield><subfield code="c">1</subfield><subfield code="i">0162035216678</subfield><subfield code="l">ON_SHELF</subfield><subfield code="m">UAHSS</subfield><subfield code="p">$150.00</subfield><subfield code="r">Y</subfield><subfield code="s">Y</subfield><subfield code="t">BOOK</subfield><subfield code="u">1/7/2015</subfield></datafield></record>